@InProceedings{Del73,
author="Deligne, P.",
editor="Deligne, Pierre
and Kuijk, Willem",
title="Les Constantes des Equations Fonctionnelles des Fonctions L",
booktitle="Modular Functions of One Variable II",
year="1973",
publisher="Springer Berlin Heidelberg",
address="Berlin, Heidelberg",
pages="501--597",
abstract="Les r{\'e}sultats essentiels de cet article sont les suivants. (A) On donne une d{\'e}monstration simple du th{\'e}or{\`e}me de Langlands [9] (d{\'e}j{\`a} prouv{\'e} au signe pr{\`e}s par Dwork [6]) qui permet d'{\'e}crire la constante des {\'e}quations fonctionnelles des fonctions L d'Artin (ou de Weil [19]) comme produit de constantes locales.",
isbn="978-3-540-37855-6"
}

@misc{Com14,
  author       = {Johan M. Commelin},
  title        = {Weil--Deligne representations},
  year         = {2014},
  month        = dec,
  note         = {\url{https://math.commelin.net/files/wdreps.pdf}},
}

@misc{Zhang18,
  author       = {Robin Zhang},
  title        = {Weilâ€“Deligne Representations I},
  howpublished = {Local Langlands Seminar, MIT},
  year         = {2018},
  month        = mar,
  note         = {Available at \url{https://math.mit.edu/~robinz/files/Weil-Deligne%20Representations%20I.pdf}},
}

@incollection{Langlands70,
  author       = {Langlands, R. P.},
  title        = {Problems in the Theory of Automorphic Forms},
  booktitle    = {Lectures in Modern Analysis and Applications III},
  series       = {Lecture Notes in Mathematics},
  volume       = {170},
  pages        = {18--86},
  publisher    = {Springer-Verlag},
  year         = {1970},
}

@book{BH06,
  author    = {Colin J. Bushnell and Guy Henniart},
  title     = {The Local Langlands Conjecture for GL(2)},
  series    = {Grundlehren der mathematischen Wissenschaften [Fundamental Principles of Mathematical Sciences]},
  volume    = {335},
  publisher = {Springer-Verlag},
  address   = {Berlin},
  year      = {2006},
  doi       = {10.1007/3-540-34186-1}
}